@Inbook{Kocher1996,
author="Kocher, Paul C.",
editor="Koblitz, Neal",
title="Timing Attacks on Implementations of Diffie-Hellman, RSA, DSS, and Other Systems",
bookTitle="Advances in Cryptology --- CRYPTO '96: 16th Annual International Cryptology Conference Santa Barbara, California, USA August 18--22, 1996 Proceedings",
year="1996",
publisher="Springer Berlin Heidelberg",
address="Berlin, Heidelberg",
pages="104--113",
isbn="978-3-540-68697-2",
doi="10.1007/3-540-68697-5_9",
url="http://dx.doi.org/10.1007/3-540-68697-5_9"
}

