@MANUAL{svgspec,
    title = "Scalable Vector Graphics (SVG) 1.1 Specification {[online]}",
    organization = "WWW Consorcium",
    url = "http://www.w3.org/TR/2003/REC-SVG11-20030114/",
    note = "[cit. 2011-07-07]",
    key = "svg"
}

@INBOOK{kobltypo,
	title = "Praktick{\' a} typografie",
	author = "Pavel Ko{\v c}i{\v c}ka and Filip Bla{\v z}ek",
	publisher = "Brno: Computer Press",
	year = "2004"
}

@BOOK{rybicka,
	title = "LaTeX pro za\v c\'ate\v cn\'\i{}ky",
	author = "Ji{\v r}{\' i} Rybi{\v c}ka",
	isbn = "80-7302-049-1",
	publisher = "Brno: Konvoj",
	edition = "3"
}

@MANUAL{iso690,
	organization = "\'U\v rad pro technickou normalizaci, metrologii a st\'atn\'\i{} zku\v sebnictv\'\i{}",
	title = "\v CSN ISO 690 Informace a dokumentace -- Pravidla pro bibliografick\'e odkazy a citace informa\v cn\'\i{}ch zdroj{\r u}",
	year = "2011"
}


@ARTICLE {sitova-karta-s-fpga-xilinx,
    title  = "Síťová karta s FPGA Xilinx pro 1 a 10GbE",
    journal = "V: Pandatron - elektrotechnický magazín {[online]}",
    howpublished = "[online]",
    month  = "červen",
    year   = "2013",
    note = "[cit. 2015-10-31]",
    url    = "http://pandatron.cz/?2939&sitova_karta_s_fpga_xilinx_pro_1_a_10gbe"
}

@ARTICLE {Dhem,
    title = "Guide to Practical Implementation of of the Timing Attack.",
    author = "Dhem, J.-F."
    howpublished = "[online]",
    month = "June",
    year = "1998",
    note = "[cit. 2017-05-15]",
    url = "http://www.cs.jhu.edu/~fabian/courses/CS600.624/Timing-full.pdf"

}

@ARTICLE {di-mgt,
    title = "Using the CRT with RSA",
    author = {{DI Management}}
    howpublished = "[online]",
    month = "December",
    year = "2013",
    note = "[cit. 2017-05-15]",
    url = "http://www.di-mgt.com.au/crt_rsa.html"
}

@ARTICLE {koeune,
    title = "A practical implementation of the timing attack",
    author = {J.-F.Dhem and F.Koeune and P.-A.Leroux and P.Mestre and J.-J.QuisquaterandJ and -L.Willems}
    howpublished = "[online]",
    month = "June",
    year = "1998",
    note = "[cit. 2017-05-15]",
    url = "http://www.cs.jhu.edu/~fabian/courses/CS600.624/Timing-full.pdf"
}

@online{si1,
    title = "Útoky postranními kanály",
    author = "BUČEK, Jiří",
    year          = {2013},
    publisher     ={FIT ČVUT},
    note = "{(přednáška)}, [cit. 2017-03-27]",
    url = "https://edux.fit.cvut.cz/courses/MI-KRY/_media/lectures/07/side1.pdf",
}

@ARTICLE {koeune,
    title = "Timing Attacks on Software Implementation of RSA",
    author = {Koç, Çetin Kaya}
    howpublished = "[online]",
    publisher     ={School of Electrical Engineering and Computer Science, Oregon State University },
    year = "2012",
    note = "[cit. 2017-05-15]",
    url = "http://ir.library.oregonstate.edu/xmlui/bitstream/handle/1957/31959/2004-67.pdf?sequence=1"
}

@ARTICLE {koc,
    title = "Montgomery Multiplication",
    author = {Koç, Çetin Kaya}
    howpublished = "[online]",
    publisher     ={Istanbul Sehir University & University of California Santa Barbara},
    year = "2017",
    note = "[cit. 2017-05-15]",
    url = "http://colinandmargaret.co.uk/Research/Mont_Mult_2ndEd_v4.pdf"
}

